@INPROCEEDINGS{DegliEsposti1999Diffuse, author={Degli-Esposti, V. and Bertoni, H.L.},
   booktitle={Gateway to 21st Century Communications Village. VTC 1999-Fall.
      IEEE VTS 50th Vehicular Technology Conference (Cat. No.99CH36324)},
   title={Evaluation of the role of diffuse scattering in urban microcellular
      propagation}, year={1999}, volume={3}, number={}, pages={1392-1396
         vol.3}, keywords={Scattering parameters;Wideband;Topology;Optical
            reflection;Electronic mail;Diffraction;Predictive models;Radio
               propagation;Analytical models;Narrowband},
   doi={10.1109/VETECF.1999.801491}}
